@book{pucminas_2019,
 author  ={PUCMinas, DFQ.},
 title   ={Eletromagnetismo},
 organization={DFQ - Departamento de Física e Química},
 address ={Belo Horizonte},
 publisher={Puc Minas - Instituto de Ciências Exatas e Informática},
 pages   =79,
 year ={2019}
}

@book{halliday,
  title={Fundamentals of physics},
  author={Halliday, David and Walker, Jearl and Resnick, Robert},
  year={2013},
  publisher={John Wiley \& Sons}
}
